<?xml version="1.0" encoding="UTF-8"?><collection xmlns="http://www.loc.gov/MARC21/slim"><record><leader>00719nam--2200205-i-4500</leader><controlfield tag="001">000020242</controlfield><controlfield tag="002">20161230</controlfield><controlfield tag="005">20161230201033</controlfield><controlfield tag="008">060222s1000------------r-----000-0-eng-d</controlfield><datafield ind1=" " ind2=" " tag="020"><subfield code="a">0444008128</subfield></datafield><datafield ind1=" " ind2=" " tag="040"><subfield code="a">IFIN-HH</subfield></datafield><datafield ind1=" " ind2=" " tag="080"><subfield code="a">548.736.339.3(061.3)</subfield></datafield><datafield ind1="1" ind2=" " tag="100"><subfield code="a">Mahajan, Subhash</subfield></datafield><datafield ind1="1" ind2="0" tag="245"><subfield code="a">Defects in semiconductors ii</subfield><subfield code="b">Volume 14 materials research society symposia proceedings. symposium held on november 1982 in boston, massachusetts, usa</subfield><subfield code="c">Subhash, mahajan, james w. corbett (eds.)</subfield></datafield><datafield ind1=" " ind2=" " tag="260"><subfield code="a">New York</subfield><subfield code="b">North-holland</subfield><subfield code="c">1983</subfield></datafield><datafield ind1=" " ind2=" " tag="490"><subfield code="a">Materials Research Society Symposia Proceedings</subfield></datafield><datafield ind1=" " ind2=" " tag="500"><subfield code="a">Xv + 582 P</subfield></datafield><datafield ind1="1" ind2=" " tag="700"><subfield code="a">Corbett, James W</subfield><subfield code="e">Ed</subfield></datafield><datafield ind1=" " ind2=" " tag="852"><subfield code="a">49226</subfield><subfield code="c">539</subfield></datafield><datafield ind1=" " ind2=" " tag="CAT"><subfield code="a">Sys</subfield><subfield code="c">20111012</subfield><subfield code="h">142023</subfield></datafield></record></collection>